@book{OSconcepts,
    author    = "Abraham Silberschatz, Peter B. Galvin, Greg Gagne",
    title     = "Operating System Concepts 9th ed.",
    publisher = "Wiley"
}
 
@misc{wikipedia,
    author    = "???",
    title     = "Wikipedia-article",
    url       = "www.wikipedia.com"
}